Untuk setiap referensi, baris pertama (Newton1687) merupakan label dan baris-baris berikutnya
merupakan atribut dari referensi yang akan digunakan. Umumnya, format referensi berikut sudah
disediakan oleh penyedia sumber referensi secara online dan bisa langsung digunakan di sini.

Lihat https://www.bibtex.com/g/bibtex-format/ untuk informasi lebih lanjut mengenai format
BibTex yang digunakan pada file ini.


@article{WordSegg,
  author  = {Ryu, Jewoong; Koo, Hyung Il; Cho, Nam Ik},
  journal = {IEEE Signal Processing Letters},
  number  = {1161-1165},
  title   = {Word Segmentation Method for Handwritten Documents based on Structured Learning},
  volume  = {22},
  year    = {2015}
}


@conference{ImageMatch,
  author    = {Lu, Yue; Tan, Chew Lim; Huang, Weihua; Fan, Liying},
  booktitle = {International Conference on Document Analysis and Recognition},
  editor    = {},
  title     = {An approach to word image matching based on weighted Hausdorff distance},
  year      = {2001}
}


@conference{SmartWB,
  author    = {Kellerman, Andre; Gurusinghe, Nicoloy; Ariyarathna, Thilanga; Gouws, Rupert},
  booktitle = {IEEE International Conference on Industrial Electronics for Sustainable Energy Systems (IESES)},
  editor    = {},
  title     = {Smart whiteboard for interactive learning},
  year      = {2018}
}


@conference{PixelBased,
  author    = {Arun, M.; Arivazhagan, S.; Rathina, D.},
  booktitle = {International Conference on Trends in Electronics and Informatics (ICEI)},
  editor    = {},
  title     = {Handwritten Text Segmentation Using Pixel Based Approach},
  year      = {2019}
}


@article{Makanan,
  author  = {Karlina, Oktaviani Ella; Indarti, Dina},
  journal = {Jurnal Ilmiah Informatika Komputer},
  number  = {199-208},
  title   = {PENGENALAN OBJEK MAKANAN CEPAT SAJI PADA VIDEO DAN REAL TIME WEBCAM MENGGUNAKAN METODE YOU LOOK ONLY ONCE (YOLO)},
  volume  = {24},
  year    = {2019}
}


@online{towardsDS,
  author  = {Saha, Sumit},
  title   = {A Comprehensive Guide to Convolutional Neural Networks â€” the ELI5 way},
  year    = {2021},
  url     = {https://towardsdatascience.com/a-comprehensive-guide-to-convolutional-neural-networks-the-eli5-way-3bd2b1164a53},
  urldate = {17- October- 2021}
}


@conference{YOLOEff,
  author          = {Jeong, Hyeok-June; Park, Kyeong-Sik; Ha, Young-Guk},
  booktitle       = {International Conference on Big Data and Smart Computing (BIGCOMP)},
  editor          = {},
  title           = {Image Preprocessing for Efficient Training of YOLO Deep Learning Networks},
  year            = {2018}
}